@article{Rhea09,

author={Sean C. Rhea, Kevin Lian, Eric Brewer},
title={Value-Based Web Caching},
year={2003},
journal={Proceedings of the 12th international conference on World Wide Web},
pages={619-628}

}

@online{djb2,

author={Ozan Yigit},
url={http://www.cse.yorku.ca/~oz/hash.html},
title={Hash Functions},
urldate={2016-04-06}
}

@online{ATS,

 url={https://trafficserver.readthedocs.org/en/latest/preface/index.en.html#what-is-apache-traffic-server},
 urldate={2016-04-12}
}

@online{Partow,
url={http://www.partow.net/programming/tcpproxy/index.html},
title={C++ TCP Proxy Server},
urldate={2016=05=03},
author={Arash Partow}
}